
@article{watson_molecular_1953,
	title = {Molecular structure of nucleic acids; a structure for deoxyribose nucleic acid},
	volume = {171},
	issn = {0028-0836},
	doi = {10.1038/171737a0},
	language = {eng},
	number = {4356},
	journal = {Nature},
	author = {Watson, J. D. and Crick, F. H.},
	month = apr,
	year = {1953},
	pmid = {13054692},
	keywords = {Deoxyribose, Molecular Structure, Nucleic Acids, NUCLEIC ACIDS},
	pages = {737--738}
}

@article{brenner_uga:_1967,
	title = {{UGA}: a third nonsense triplet in the genetic code},
	volume = {213},
	issn = {0028-0836},
	shorttitle = {{UGA}},
	doi = {10.1038/213449a0},
	language = {eng},
	number = {5075},
	journal = {Nature},
	author = {Brenner, S. and Barnett, L. and Katz, E. R. and Crick, F. H.},
	month = feb,
	year = {1967},
	pmid = {6032223},
	keywords = {Mutation, RNA, Messenger, DNA, Chemical Phenomena, Chemistry, Adenine, Coliphages, Genetic Code, Guanine, Hydroxylamines, Tryptophan, Uracil},
	pages = {449--450}
}